@article{lundberg2021,
  title={The gap-closing estimand: A causal approach to study interventions that close disparities across social categories},
  author={Lundberg, Ian},
  year={Forthcoming},
  journal={Sociological Methods and Research},
  publisher={Preprint available on SocArXiv},
  url={https://doi.org/10.31235/osf.io/gx4y3}
}

@article{vanderweele2014,
  title={On causal interpretation of race in regressions adjusting for confounding and mediating variables},
  author={VanderWeele, Tyler J and Robinson, Whitney R},
  journal={Epidemiology},
  volume={25},
  number={4},
  pages={473},
  year={2014},
  publisher={NIH Public Access}
}

@article{jackson2018,
  title={Decomposition analysis to identify intervention targets for reducing disparities},
  author={Jackson, John W and VanderWeele, Tyler J},
  journal={Epidemiology},
  volume={29},
  number={6},
  pages={825},
  year={2018},
  publisher={NIH Public Access}
}

@article{jackson2020,
  title={Meaningful causal decompositions in health equity research: definition, identification, and estimation through a weighting framework},
  author={Jackson, John W},
  journal={Epidemiology},
  volume={32},
  number={2},
  pages={282--290},
  year={2020},
  publisher={Wolters Kluwer}
}

@book{mgcv,
  title={Generalized additive models: An introduction with {R}},
  author={Wood, Simon N},
  year={2017},
  publisher={Chapman and Hall / CRC}
}

@article{ranger,
  title={ranger: A Fast Implementation of Random Forests for High Dimensional Data in C++ and R},
  author={Wright, Marvin N and Ziegler, Andreas},
  journal={Journal of Statistical Software},
  volume={77},
  number={i01},
  year={2017},
  publisher={Foundation for Open Access Statistics}
}

@Article{glmnet,
    title = {Regularization Paths for Generalized Linear Models via
      Coordinate Descent},
    author = {Jerome Friedman and Trevor Hastie and Robert Tibshirani},
    journal = {Journal of Statistical Software},
    year = {2010},
    volume = {33},
    number = {1},
    pages = {1--22},
    url = {https://www.jstatsoft.org/htaccess.php?volume=33&type=i&issue=01},
  }
  
  @book{hernan2021,
  title={Causal Inference: What if},
  author={Hern{\'a}n, Miguel A. and Robins, James M.},
  year={2021},
  publisher={Chapman \& Hall/CRC}
}

@article{bang2005,
  title={Doubly robust estimation in missing data and causal inference models},
  author={Bang, Heejung and Robins, James M},
  journal={Biometrics},
  volume={61},
  number={4},
  pages={962--973},
  year={2005},
  publisher={Wiley Online Library}
}

@article{glynn2010,
  title={An introduction to the augmented inverse propensity weighted estimator},
  author={Glynn, Adam N and Quinn, Kevin M},
  journal={Political Analysis},
  pages={36--56},
  year={2010},
  publisher={JSTOR}
}

@incollection{robins1992,
  title={Recovery of information and adjustment for dependent censoring using surrogate markers},
  author={Robins, James M and Rotnitzky, Andrea},
  booktitle={AIDS Epidemiology},
  pages={297--331},
  year={1992},
  publisher={Springer}
}

@article{robins1995,
  title={Semiparametric efficiency in multivariate regression models with missing data},
  author={Robins, James M and Rotnitzky, Andrea},
  journal={Journal of the American Statistical Association},
  volume={90},
  number={429},
  pages={122--129},
  year={1995},
  publisher={Taylor \& Francis}
}

@article{chernozhukov2018,
  title={Double/debiased machine learning for treatment and structural parameters},
  author={Chernozhukov, Victor and Chetverikov, Denis and Demirer, Mert and Duflo, Esther and Hansen, Christian and Newey, Whitney and Robins, James},
  journal={The Econometrics Journal},
  volume={21},
  number={1},
  pages={C1--C68},
  year={2018},
  publisher={Wiley Online Library}
}

@article{bickel1982,
  title={On adaptive estimation},
  author={Bickel, Peter J},
  journal={The Annals of Statistics},
  pages={647--671},
  year={1982},
  publisher={JSTOR}
}

@incollection{zheng2011,
  title={Cross-validated targeted minimum-loss-based estimation},
  author={Zheng, Wenjing and van der Laan, Mark J},
  booktitle={Targeted Learning},
  pages={459--474},
  year={2011},
  publisher={Springer}
}

@article{hahn1998,
  title={On the role of the propensity score in efficient semiparametric estimation of average treatment effects},
  author={Hahn, Jinyong},
  journal={Econometrica},
  pages={315--331},
  year={1998},
  publisher={JSTOR}
}

@book{vanderlaan2011,
  title={Targeted learning: Causal inference for observational and experimental data},
  author={Van der Laan, Mark J and Rose, Sherri},
  year={2011},
  publisher={Springer Science \& Business Media}
}

