%% This BibTeX bibliography file was created using BibDesk.
%% https://bibdesk.sourceforge.io/

%% Created for Ian Lundberg at 2023-03-08 09:33:49 -0500 


%% Saved with string encoding Unicode (UTF-8) 



@article{lundberg2021,
	author = {Lundberg, Ian},
	date-modified = {2023-03-08 09:33:47 -0500},
	journal = {Sociological Methods and Research},
	title = {The gap-closing estimand: A causal approach to study interventions that close disparities across social categories},
	url = {https://doi.org/10.1177/00491241211055769},
	year = {2022},
	Bdsk-Url-1 = {https://doi.org/10.31235/osf.io/gx4y3}}

@article{vanderweele2014,
	author = {VanderWeele, Tyler J and Robinson, Whitney R},
	journal = {Epidemiology},
	number = {4},
	pages = {473},
	publisher = {NIH Public Access},
	title = {On causal interpretation of race in regressions adjusting for confounding and mediating variables},
	volume = {25},
	year = {2014}}

@article{jackson2018,
	author = {Jackson, John W and VanderWeele, Tyler J},
	journal = {Epidemiology},
	number = {6},
	pages = {825},
	publisher = {NIH Public Access},
	title = {Decomposition analysis to identify intervention targets for reducing disparities},
	volume = {29},
	year = {2018}}

@article{jackson2020,
	author = {Jackson, John W},
	journal = {Epidemiology},
	number = {2},
	pages = {282--290},
	publisher = {Wolters Kluwer},
	title = {Meaningful causal decompositions in health equity research: definition, identification, and estimation through a weighting framework},
	volume = {32},
	year = {2020}}

@book{mgcv,
	author = {Wood, Simon N},
	publisher = {Chapman and Hall / CRC},
	title = {Generalized additive models: An introduction with {R}},
	year = {2017}}

@article{ranger,
	author = {Wright, Marvin N and Ziegler, Andreas},
	journal = {Journal of Statistical Software},
	number = {i01},
	publisher = {Foundation for Open Access Statistics},
	title = {ranger: A Fast Implementation of Random Forests for High Dimensional Data in C++ and R},
	volume = {77},
	year = {2017}}

@article{glmnet,
	author = {Jerome Friedman and Trevor Hastie and Robert Tibshirani},
	journal = {Journal of Statistical Software},
	number = {1},
	pages = {1--22},
	title = {Regularization Paths for Generalized Linear Models via Coordinate Descent},
	url = {https://www.jstatsoft.org/htaccess.php?volume=33&type=i&issue=01},
	volume = {33},
	year = {2010},
	Bdsk-Url-1 = {https://www.jstatsoft.org/htaccess.php?volume=33&type=i&issue=01}}

@book{hernan2021,
	author = {Hern{\'a}n, Miguel A. and Robins, James M.},
	publisher = {Chapman \& Hall/CRC},
	title = {Causal Inference: What if},
	year = {2021}}

@article{bang2005,
	author = {Bang, Heejung and Robins, James M},
	journal = {Biometrics},
	number = {4},
	pages = {962--973},
	publisher = {Wiley Online Library},
	title = {Doubly robust estimation in missing data and causal inference models},
	volume = {61},
	year = {2005}}

@article{glynn2010,
	author = {Glynn, Adam N and Quinn, Kevin M},
	journal = {Political Analysis},
	pages = {36--56},
	publisher = {JSTOR},
	title = {An introduction to the augmented inverse propensity weighted estimator},
	year = {2010}}

@incollection{robins1992,
	author = {Robins, James M and Rotnitzky, Andrea},
	booktitle = {AIDS Epidemiology},
	pages = {297--331},
	publisher = {Springer},
	title = {Recovery of information and adjustment for dependent censoring using surrogate markers},
	year = {1992}}

@article{robins1995,
	author = {Robins, James M and Rotnitzky, Andrea},
	journal = {Journal of the American Statistical Association},
	number = {429},
	pages = {122--129},
	publisher = {Taylor \& Francis},
	title = {Semiparametric efficiency in multivariate regression models with missing data},
	volume = {90},
	year = {1995}}

@article{chernozhukov2018,
	author = {Chernozhukov, Victor and Chetverikov, Denis and Demirer, Mert and Duflo, Esther and Hansen, Christian and Newey, Whitney and Robins, James},
	journal = {The Econometrics Journal},
	number = {1},
	pages = {C1--C68},
	publisher = {Wiley Online Library},
	title = {Double/debiased machine learning for treatment and structural parameters},
	volume = {21},
	year = {2018}}

@article{bickel1982,
	author = {Bickel, Peter J},
	journal = {The Annals of Statistics},
	pages = {647--671},
	publisher = {JSTOR},
	title = {On adaptive estimation},
	year = {1982}}

@incollection{zheng2011,
	author = {Zheng, Wenjing and van der Laan, Mark J},
	booktitle = {Targeted Learning},
	pages = {459--474},
	publisher = {Springer},
	title = {Cross-validated targeted minimum-loss-based estimation},
	year = {2011}}

@article{hahn1998,
	author = {Hahn, Jinyong},
	journal = {Econometrica},
	pages = {315--331},
	publisher = {JSTOR},
	title = {On the role of the propensity score in efficient semiparametric estimation of average treatment effects},
	year = {1998}}

@book{vanderlaan2011,
	author = {Van der Laan, Mark J and Rose, Sherri},
	publisher = {Springer Science \& Business Media},
	title = {Targeted learning: Causal inference for observational and experimental data},
	year = {2011}}
